@book{skiena-algorithm-design,
	author = {Steven S. Skiena},
	title = {The Algorithm Design Manual Second Edition},
	year = {2008},
	publisher = {Springer-Verlag London Limited}
}

@book{jon-and-eva-algorithm-design,
	author = {Jon Kleinberg and Éva Tardos},
	title = {Algorithm Design},
	year = {2008},
 	publisher = {Pearson Education, Inc.}
}

@book{cormen-introduction-to-algorithms,
	author = {Thomas H. Cormen and Charles E. Leiserson and Ronald L. Rivest and Clifford Stein},
	title = {Introduction to Algorithms Fourth Edition},
	year = {2022},
 	publisher = {The MIT Press}
}

@book{uml-user-guide,
	author = {Grady Booch and James Rumbaugh and Ivar Jacobson},
	title = {Unified Modeling Language User Guide The 2nd Edition},
	year = {2005},
 	publisher = {Addison-Wesley Professional}
}

@article{mshaw-data-knowledge,
	author = {M. Shaw},
	title = {Toward higher-level abstractions for software systems},
	journal = {Data and Knowledge Engineering}, 
	year = {1990} 
}

@article{alistair-human-and-technology,
	author = {Alistair A.R. Cockburn},
	title = {Use cases, ten years later},
	journal = {Humans and Technology}, 
	year = {2002}  
}

@misc{nodejs-web,
	title = {Node.js},
	url = {https://nodejs.org/en},
	date = {2024-05-24}
}

@misc{python-download-web,
	title = {Python Download Page},
	url = {https://www.python.org/downloads/},
	date = {2024-05-24}
}

@misc{pycharm-download-web,
	title = {PyCharm Download page},
	url = {https://www.jetbrains.com/pycharm/download},
	date = {2024-05-24}
}

@misc{wsgi-def,
	title = {WSGI page},
	url = {https://wsgi.readthedocs.io/en/latest/what.html},
	date = {2024-05-25}
}

@misc{oop-inheritance_def,
	title = {OOP lecture by Kissné Várkonyi Teréz Anna 6.5 Inheritance},
	date = {2022-03-19}
}

@misc{react-github,
	title = {React github page},
	url = {https://github.com/facebook/react},
	date = {2024-05-26}
}

@misc{react-bootstrap,
	title = {React bootstrap page},
	url = {https://react-bootstrap.github.io/docs/getting-started/why-react-bootstrap},
	date = {2024-05-26}
}

@misc{d3-js,
	title = {D3.js page},
	url = {https://d3js.org/what-is-d3},
	date = {2024-05-26}
}

@misc{react-query-web,
	title = {React query page},
	url = {https://tanstack.com/query/latest/docs/framework/react/overview},
	date = {2024-05-26}
}

@misc{html-def,
	title = {MDN web docs HTML},
	url = {https://developer.mozilla.org/en-US/docs/Web/HTML},
	date = {2024-05-26}
}

@misc{flask-def,
	title = {Flask GeeksForGeeks page},
	url = {https://www.geeksforgeeks.org/flask-tutorial/},
	date = {2024-05-26}
}

@misc{geeksforgeeks-tdd-def,
	title = {TDD GeeksForGeeks page},
	url = {https://www.geeksforgeeks.org/test-driven-development-tdd/},
	date = {2024-05-27}
}

@misc{gfg-unit-test-def,
	title = {Unit testing GeeksForGeeks page},
	url = {https://www.geeksforgeeks.org/unit-testing-software-testing/},
	date = {2024-05-27}
}